@article{xu_efficient_2019,
  title = {Efficient and {Privacy}-{Preserving} {Truth} {Discovery} in {Mobile} {Crowd} {Sensing} {Systems}},
  volume = {68},
  issn = {1939-9359},
  doi = {10.1109/TVT.2019.2895834},
  number = {4},
  journal = {IEEE Transactions on Vehicular Technology},
  author = {Xu, G. and Li, H. and Liu, S. and Wen, M. and Lu, R.},
  month = apr,
  year = {2019},
  note = {Conference Name: IEEE Transactions on Vehicular Technology},
  pages = {3854--3865},
}

@inproceedings{miao_cloud-enabled_2015,
  address = {New York, NY, USA},
  series = {{SenSys} '15},
  title = {Cloud-{Enabled} {Privacy}-{Preserving} {Truth} {Discovery} in {Crowd} {Sensing} {Systems}},
  isbn = {978-1-4503-3631-4},
  url = {https://doi.org/10.1145/2809695.2809719},
  doi = {10.1145/2809695.2809719},
  booktitle = {Proceedings of the 13th {ACM} {Conference} on {Embedded} {Networked} {Sensor} {Systems}},
  publisher = {Association for Computing Machinery},
  author = {Miao, Chenglin and Jiang, Wenjun and Su, Lu and Li, Yaliang and Guo, Suxin and Qin, Zhan and Xiao, Houping and Gao, Jing and Ren, Kui},
  month = nov,
  year = {2015},
  pages = {183--196},
}

@article{xue_inpptd_2020,
  title = {{InPPTD}: {An} {Lightweight} {Incentive}-based {Privacy}-{Preserving} {Truth} {Discovery} for {Crowd} {Sensing} {Systems}},
  issn = {2327-4662},
  shorttitle = {{InPPTD}},
  doi = {10.1109/JIOT.2020.3029294},
  journal = {IEEE Internet of Things Journal},
  author = {Xue, K. and Zhu, B. and Yang, Q. and Gai, N. and Wei, D. S. L. and Yu, N.},
  year = {2020},
  note = {Conference Name: IEEE Internet of Things Journal},
  pages = {1--1},
}

@article{zhang_reliable_2019,
  title = {Reliable and {Privacy}-{Preserving} {Truth} {Discovery} for {Mobile} {Crowdsensing} {Systems}},
  issn = {1941-0018},
  doi = {10.1109/TDSC.2019.2919517},
  journal = {IEEE Transactions on Dependable and Secure Computing},
  author = {Zhang, C. and Zhu, L. and Xu, C. and Liu, X. and Sharif, K.},
  year = {2019},
  note = {Conference Name: IEEE Transactions on Dependable and Secure Computing},
  keywords = {Cryptography, Privacy, Reliability, Sensors, Data privacy, truth discovery, privacy-preserving, Data aggregation, mobile crowdsensing, cloud computin, reliable},
  pages = {1--1},
}

@inproceedings{li_resolving_2014,
  address = {New York, NY, USA},
  series = {{SIGMOD} '14},
  title = {Resolving conflicts in heterogeneous data by truth discovery and source reliability estimation},
  isbn = {978-1-4503-2376-5},
  url = {https://doi.org/10.1145/2588555.2610509},
  doi = {10.1145/2588555.2610509},
  booktitle = {Proceedings of the 2014 {ACM} {SIGMOD} {International} {Conference} on {Management} of {Data}},
  publisher = {Association for Computing Machinery},
  author = {Li, Qi and Li, Yaliang and Gao, Jing and Zhao, Bo and Fan, Wei and Han, Jiawei},
  month = jun,
  year = {2014},
  keywords = {heterogeneous data, truth discovery, data fusion},
  pages = {1187--1198},
}

@article{xia_quality-aware_2019,
  title = {Quality-{Aware} {Sparse} {Data} {Collection} in {MEC}-{Enhanced} {Mobile} {Crowdsensing} {Systems}},
  volume = {6},
  issn = {2329-924X},
  doi = {10.1109/TCSS.2019.2909265},
  number = {5},
  journal = {IEEE Transactions on Computational Social Systems},
  author = {Xia, X. and Zhou, Y. and Li, J. and Yu, R.},
  month = oct,
  year = {2019},
  pages = {1051--1062},
}

